<record><leader>00000cas a22000007a 4500</leader><controlfield tag="001">23068055</controlfield><controlfield tag="008">910206d19061925mnuwr ne      0    0eng d</controlfield><datafield ind1=" " ind2=" " tag="010"><subfield code="a">sn 90057628 </subfield></datafield><datafield ind1=" " ind2=" " tag="040"><subfield code="a">MN#</subfield><subfield code="b">eng</subfield><subfield code="c">MN#</subfield><subfield code="d">OCLCQ</subfield><subfield code="d">OCLCF</subfield><subfield code="d">OCLCO</subfield></datafield><datafield ind1="1" ind2=" " tag="029"><subfield code="a">AU@</subfield><subfield code="b">000025874736</subfield></datafield><datafield ind1=" " ind2=" " tag="042"><subfield code="a">msc</subfield></datafield><datafield ind1=" " ind2=" " tag="043"><subfield code="a">n-us-mn</subfield></datafield><datafield ind1=" " ind2=" " tag="052"><subfield code="a">4144</subfield><subfield code="b">W38</subfield></datafield><datafield ind1=" " ind2=" " tag="052"><subfield code="a">4143</subfield><subfield code="b">F3</subfield></datafield><datafield ind1="0" ind2="4" tag="245"><subfield code="a">The forum-advocate.</subfield></datafield><datafield ind1=" " ind2=" " tag="260"><subfield code="a">Wells, Minn. :</subfield><subfield code="b">[Forum-Advocate Co.],</subfield><subfield code="c">1906-1925.</subfield></datafield><datafield ind1=" " ind2=" " tag="300"><subfield code="a">20 v.</subfield></datafield><datafield ind1=" " ind2=" " tag="310"><subfield code="a">Weekly</subfield></datafield><datafield ind1="0" ind2=" " tag="362"><subfield code="a">New ser., vol. 1, no. 3 (Nov. 1, 1906)-v. 20, no. 10 (Jan. 1, 1925).</subfield></datafield><datafield ind1=" " ind2=" " tag="530"><subfield code="a">Available on microfilm from the Minnesota Historical Society.</subfield></datafield><datafield ind1=" " ind2="0" tag="651"><subfield code="a">Wells (Minn.)</subfield><subfield code="v">Newspapers.</subfield></datafield><datafield ind1=" " ind2="7" tag="655"><subfield code="a">Newspapers.</subfield><subfield code="2">fast</subfield><subfield code="0">(OCoLC)fst01423814</subfield></datafield><datafield ind1=" " ind2="7" tag="651"><subfield code="a">Minnesota</subfield><subfield code="z">Wells.</subfield><subfield code="2">fast</subfield><subfield code="0">(OCoLC)fst01227957</subfield></datafield><datafield ind1=" " ind2=" " tag="752"><subfield code="a">United States</subfield><subfield code="b">Minnesota</subfield><subfield code="c">Faribault</subfield><subfield code="d">Wells.</subfield></datafield><datafield ind1="0" ind2="0" tag="780"><subfield code="t">Wells forum-advocate</subfield><subfield code="w">(DLC)sn 90057627</subfield></datafield><datafield ind1="0" ind2="4" tag="785"><subfield code="t">Wells mirror</subfield><subfield code="w">(DLC)sn 90057629</subfield></datafield></record>